@article{bollerslev,
author  = "Tim Bollerslev",
title   = "{G}eneralized {A}utoregressive {C}onditional {H}eteroskedasticity",
year    = "1986",
journal = "Journal of Econometrics",
volume  = "31",
pages   = "307--327"
}
   
@article{cai,
author  = "Jun Cai",
title   = "A {M}arkov {M}odel of {S}witching {R}egime {ARCH}",
year    = "1994",
journal = "Journal of Business \& Economic Statistics",
volume  = "12",
number  = "3",
pages   = "309--316"
}

@article{canarella,
author  = "Giorgio Canarellar and Stephen K. Pollard",
title   = "{A} {S}witching {ARCH} ({SWARCH}) model of stock market volatility: some evidence from {L}atin {A}merica",
year    = "2007",
journal = "International Review of Economics",
volume  = "54",
pages   = "445--465"
}


@article{casella,
author  = "George Casella and Edward I. George",
title   = "{E}xplaining the {G}ibbs {S}ampler",
year    = "1992",
journal = "America Statistical Association",
volume  = "46",
number  = "3",
pages   = "167--174"
}

@article{chib,
author  = "Siddhartha Chib and Edward Greenberg",
title   = "Understanding the {M}etropolis-{H}astings {A}lgorithm",
year    = "1995",
journal = "The American Statistician",
volume  = "49",
number  = "4",
pages   = "327--335"
}

@article{durland,
author  = "J. Michael Durland and Thomas H. McCurdy",
title   = "Duration--{D}ependent {T}ransitions in a {M}arkov {M}odel of {U.S. GNP} {G}rowth",
year    = "1994",
journal = "Journal of Business \& Economic Statistics",
volume  = "12",
number  = "3",
pages   = "279--288"
}

@article{engle82,
author  = "Robert F. Engle",
title   = "Autoregressive {C}onditional {H}eteroscedasticity with {E}stimates of the {V}ariance of {United Kingdom} {I}nflation",
year    = "1982",
journal = "Econometrica",
volume  = "50",
number  = "4",
pages   = "987--1007"
}


@article{geman,
author  = "Stuart Geman and Donald Geman",
title   = "{S}tochastic {R}elaxation, {G}ibbs {D}istributions and the {B}ayesian {R}estoration of {I}mages",
year    = "1984",
journal = "The IEEE Transactions on Pattern Analysis and Machine Intelligence (TPAMI)",
volume  = "6",
number  = "6",
pages   = "721--741"
}

@article{gelfand,
author  = "Alan E. Gelfand and Adrian F. M. Smith",
title   = "{S}ampling-{B}ased {A}pproaches to {C}alculation {M}arginal {D}ensities",
year    = "1990",
journal = "Journal of the American Statistical Association",
volume  = "85",
number  = "410",
pages   = "398--409"
}

@article{hastings,
author  = "W. Keith Hastings",
title   = "{M}onte {C}arlo {S}ampling {M}ethods {U}sing {M}arkov {C}hains and {T}heir {A}pplications",
year    = "1970",
journal = "Biometrika",
volume  = "57",
number  = "1",
pages   = "97--109"
}

@article{hamiltonsusmel,
author  = "James D. Hamilton and Raul Susmel",
title   = "{A}utoregressive {C}onditional {H}eterosckedasticity and {C}hanges in {R}egime",
year    = "1994",
journal = "Journal of Econometrics",
volume  = "64",
pages   = "307--333"
}


@article{li,
author  = "Ming Yuan Leon Li and Hsiou Wei William Lin",
title   = "Examining the {V}olatility of {Taiwan} {S}tock {I}ndex {R}eturns via a {T}hree-{V}olatility-{R}egime {M}arkov-{S}witching {ARCH} {M}odel",
year    = "2003",
journal = "Review of Quantitative Finance and Accounting",
volume  = "21",
number  = "21",
pages   = "123--139"
}

@article{metropolis,
author  = "Nicholas Metropolis and Arianna W. Rosenbluth and Marshall N. Rosenbluth and Augusta H. Teller",
title   = "{E}quation of {S}tate {C}alculations by {F}ast {C}omputing {M}achines",
year    = "1953",
journal = "Journal of Chemical Phisics",
volume  = "21",
number  = "6",
pages   = "1087--1092"
}

@article{ulam,
author  = "Nicholas Metropolis and Stanislaw Ulam",
title   = "{T}he {M}onte {C}arlo {M}ethod",
year    = "1949",
journal = "Journal of the American Statistical Association",
volume  = "44",
number  = "247",
pages   = "335--341"
}

@article{peskun,
author  = "P. H. Peskun",
title   = "{O}ptimum {M}onte-{C}arlo sampling using {M}arkov chains",
year    = "1973",
journal = "Biometrika",
volume  = "60",
number  = "3",
pages   = "607--612"
}

@article{peskun81,
author  = "P. H. Peskun",
title   = "{G}uidelines for {C}hoosing the {T}ransition {M}atrix in {M}onte {C}arlo {M}ethods {U}sing {M}arkov {C}hains",
year    = "1981",
journal = "Journal of Computational Physics",
volume  = "40",
pages   = "327--344"
}

@article{rabiner,
author  = "Lawrence R. Rabiner",
title   = "{A} {T}utorial on {H}idden {M}arkov {M}odels and {S}elected {A}pplications in {S}peech {R}ecognition",
year    = "1988",
journal = "Proceedings of IEEE",
volume  = "2",
pages   = "257--286"
}


@article{robert,
author  = "Christian Robert and George Casella",
title   = "{A} {S}hort {H}istory of {M}arkov {C}hain {M}onte {C}arlo: {S}ubjective {R}ecollections from {I}ncomplete {D}ata",
year    = "2011",
journal = "Statistical Science",
volume  = "26",
number  = "1",
pages   = "102--115"
}

@article{tanner,
author  = "Martin A. Tanner and Wing Hung Wong",
title   = "{T}he {C}alculation of {P}osterior {D}istributions by {D}ata {A}ugmentation",
year    = "1987",
journal = "Journal of the American Statistical Association,",
volume  = "82",
number  = "398",
pages   = "528--540"
}


@book{brandimarte,
    author    = "Paolo Brandimarte",
    title     = "Handbook in Monte Carlo Simulation",
    year      = "2014",    
    publisher = "John Wiley and Sons",
}

@book{bishop,
    author    = "Christopher M. Bishop",
    title     = "Pattern Recognition and Machine Learning",
    year      = "2006",    
    publisher = "Springer Science Business Media, LLC",
}


@book{chib1,
    author    = "Siddhartha Chib",
    title     = "Handbook of Econometrics",
    year      = "2001", 
    publisher = "Elsevier Science B.V.",
}

@book{gamerman,
    author    = "Dani Gamerman",
    title     = "Markov Chain Monte Carlo",
    year      = "1997",    
    publisher = "Chapman and Hall",
}


@book{lawler,
    author    = "Gregory F. Lawler",
    title     = "Intoduction to Stochastic Processes",
    year      = "2010",
    publisher = "Chapman \& Hall",
}

@book{lee,
    author    = "Peter M. Lee",
    title     = "Bayesian Statistics An Introduction",
    year      = "2004",
    edition   = "Third",    
    publisher = "Arnold, a member of the Hodder Headline Group",
}

@book{manning,
    author    = "Christopher D. Manning and Hinrich Schutze",
    title     = "Foundations of Statistical Natural Language Processing",
    year      = "2003",
    edition   = "Sixth",    
    publisher = "The MIT Press",
}


@book{monahan,
    author    = "John F. Monahan",
    title     = "Numerical Methods of Statistics",
    year      = "2011",
    edition   = "Second",    
    publisher = "Cambrindge University Press",
}

@book{prochazka,
    author    = "Ales Prochazka and Jan Uhlir and P.W.J. Rayner",
    title     = "Signal Analysis and Prediction",
    year      = "1998",
    edition   = "First",    
    publisher = "Springer Science+Business Media New York",
}

@book{schaum,
    author    = "John Schiller and Murray R. Spiegel and R. Alu Srinivasan",
    title     = "Probability and Statistics",
    year      = "2009",
    edition   = "Third",    
    publisher = "McGraw Hill",
}

@book{stan,
	author  = "Stan Development Team",
	title   = "Stan Modeling Language:Userâ€™s Guide and Reference Manual",
	year    = "2015",
	edition  = "2.6.2",
	publisher = "Stan",
}

@book{shumway,
    author    = "Robert H. Shumway and David S. Stoffer",
    title     = "Time Series Analysis and Its Applications With R Examples",
    year      = "2010",
    edition   = "Third",
    publisher = "Springer",
}

@book{tsay1,
    author    = "Ruey S. Tsay",
    title     = "Analysis of Financial Time Series",
    year      = "2005",
    edition   = "Second",
    publisher = "John Wiley \& Sons",
}

@book{tsay,
    author    = "Ruey S. Tsay",
    title     = "Analysis of Financial Time Series",
    year      = "2010",
    edition   = "Third",    
    publisher = "John Wiley \& Sons",
}
